@article{lang2023,
  title={Toward a Computational Historiography of Alchemy: Challenges and Obstacles of Object Detection for Historical Illustrations of Mining, Metallurgy and Distillation in 16th-17th Century Print.},
  author={Lang, Sarah and Liebl, Bernhard and Burghardt, Manuel},
  journal={Proceedings of the Workshop on Computational Humanities Research (CHR 2023)},
  series={CEUR Workshop Proceedings},
  address={Paris, France},
  volume={3558},
  pages={29},
  year={2023},
  url={https://ceur-ws.org/Vol-3558/paper342.pdf}
}
@article{arnodchr2022,
  title={Automatic identification and classification of portraits in a corpus of historical photographs},
  author={Arnold, Taylor and Tilton, Lauren and Wigard, Justin},
  journal={Proceedings of the Workshop on Computational Humanities Research (CHR 2022)},
  series={CEUR Workshop Proceedings},
  address={Paris, France},
  volume={3290},
  pages={25},
  year={2022},
  url={https://ceur-ws.org/Vol-3290/short_paper5571.pdf}
}
