@inproceedings{pedrazzini-mcgillivray-2022-machines,
    title = "Machines in the media: semantic change in the lexicon of mechanization in 19th-century {B}ritish newspapers",
    author = "Pedrazzini, Nilo  and
      McGillivray, Barbara",
    editor = {H{\"a}m{\"a}l{\"a}inen, Mika  and
      Alnajjar, Khalid  and
      Partanen, Niko  and
      Rueter, Jack},
    booktitle = "Proceedings of the 2nd International Workshop on Natural Language Processing for Digital Humanities",
    month = nov,
    year = "2022",
    address = "Taipei, Taiwan",
    publisher = "Association for Computational Linguistics",
    url = "https://aclanthology.org/2022.nlp4dh-1.12",
    pages = "85--95",
}
@article{mikolov2013distributed,
  title={Distributed representations of words and phrases and their compositionality},
  author={Mikolov, Tomas and Sutskever, Ilya and Chen, Kai and Corrado, Greg S and Dean, Jeff},
  journal={Advances in neural information processing systems},
  volume={26},
  year={2013}
}
@article{firth1957synopsis,
  title={A synopsis of linguistic theory 1930-1955},
  author={Firth, JR},
  journal={Studies in Linguistic Analysis, Special Volume/Blackwell},
  year={1957}
}
@inproceedings{clerice2024detecting,
  title={Detecting Sexual Content at the Sentence Level in First Millennium Latin Texts},
  author={Cl{\'e}rice, Thibault},
  booktitle={Joint International Conference on Computational Linguistics, Language Resources and Evaluation (LREC-COLING 2024)},
  year={2024}
}
@PHDTHESIS{cleri2022,
url = "http://www.theses.fr/2022LYSE3007",
title = "Détection d'isotopies par apprentissage profond : l'exemple de la sexualité en latin classique et tardif",
author = "Clérice, Thibault",
year = "2022",
note = "Thèse de doctorat dirigée par Nicolas, Christian Lettres et civilisations antiques Lyon 2022",
note = "2022LYSE3007",
url = "http://www.theses.fr/2022LYSE3007/document",
}


@article{antoniak2018evaluating,
  title={Evaluating the stability of embedding-based word similarities},
  author={Antoniak, Maria and Mimno, David},
  journal={Transactions of the Association for Computational Linguistics},
  volume={6},
  pages={107--119},
  year={2018},
  publisher={MIT Press One Rogers Street, Cambridge, MA 02142-1209, USA journals-info~…}
}
