@inproceedings{bawden-etal-2022-automatic,
    title = "Automatic Normalisation of Early {M}odern {F}rench",
    author = "Bawden, Rachel  and
      Poinhos, Jonathan  and
      Kogkitsidou, Eleni  and
      Gambette, Philippe  and
      Sagot, Beno{\^\i}t  and
      Gabay, Simon",
    editor = "Calzolari, Nicoletta  and
      B{\'e}chet, Fr{\'e}d{\'e}ric  and
      Blache, Philippe  and
      Choukri, Khalid  and
      Cieri, Christopher  and
      Declerck, Thierry  and
      Goggi, Sara  and
      Isahara, Hitoshi  and
      Maegaard, Bente  and
      Mariani, Joseph  and
      Mazo, H{\'e}l{\`e}ne  and
      Odijk, Jan  and
      Piperidis, Stelios",
    booktitle = "Proceedings of the Thirteenth Language Resources and Evaluation Conference",
    month = jun,
    year = "2022",
    address = "Marseille, France",
    publisher = "ELREC",
    %url = "https://aclanthology.org/2022.lrec-1.358",
    pages = "3354--3366",
    abstract = "Spelling normalisation is a useful step in the study and analysis of historical language texts, whether it is manual analysis by experts or automatic analysis using downstream natural language processing (NLP) tools. Not only does it help to homogenise the variable spelling that often exists in historical texts, but it also facilitates the use of off-the-shelf contemporary NLP tools, if contemporary spelling conventions are used for normalisation. We present FREEMnorm, a new benchmark for the normalisation of Early Modern French (from the 17th century) into contemporary French and provide a thorough comparison of three different normalisation methods: ABA, an alignment-based approach and MT-approaches, (both statistical and neural), including extensive parameter searching, which is often missing in the normalisation literature.",
}
@inproceedings{gabay2022vers,
  title={Vers l’{\'e}tude linguistique sur donn{\'e}es artificielles},
  author={Gabay, Simon and Bawden, Rachel and Sagot, Beno{\^\i}t and Gambette, Philippe},
  booktitle={Variation (s) en fran{\c{c}}ais},
  year={2022}
}
@article{gabay2022ancien,
  title={Ancien ou moderne? Pistes computationnelles pour l’analyse graph{\'e}matique des textes {\'e}crits au XVIIe si{\`e}cle},
  author={Gabay, Simon and Gambette, Philippe and Bawden, Rachel and Sagot, Beno{\^\i}t},
  journal={Linx. Revue des linguistes de l’universit{\'e} Paris X Nanterre},
  number={85},
  year={2022},
  publisher={D{\'e}partement de Sciences du langage, Universit{\'e} Paris Ouest}
}

@inproceedings{gabay2024reconnaissance,
  title={Reconnaissance des {\'e}critures dans les imprim{\'e}s},
  author={Gabay, Simon and Cl{\'e}rice, Thibault and Jacsont, Pauline and Leblanc, Elina and Jeannot-Tirole, Marie and Solfrini, Sonia and Dolto, Sophie and Goy, Floriane and Luj{\'a}n, Carmen Carrasco and Zaglio, Maddalena and others},
  booktitle={Humanistica 2024-Colloque annuel de l'Association francophone des humanit{\'e}s num{\'e}riques},
  year={2024}
}
@inproceedings{gabay:hal-04704549,
  TITLE = {{The birth of French orthography. A computational analysis of French spelling systems in diachrony}},
  AUTHOR = {Gabay, Simon and Cl{\'e}rice, Thibault},
  %URL = {https://inria.hal.science/hal-04704549},
  BOOKTITLE = {{CHR2024 -- Computational Humanities Research Conference}},
  ADDRESS = {Aahrus, Denmark},
  YEAR = {2024},
  MONTH = Dec,
  KEYWORDS = {Computational linguistics ; History of orthography ; Information extraction ; Corpus building},
  %PDF = {https://inria.hal.science/hal-04704549v1/file/CHR2024_spelling.pdf},
  HAL_ID = {hal-04704549},
  HAL_VERSION = {v1},
}
