@inproceedings{plank-etal-2016-multilingual,
    title = "Multilingual Part-of-Speech Tagging with Bidirectional Long Short-Term Memory Models and Auxiliary Loss",
    author = "Plank, Barbara  and
      S{\o}gaard, Anders  and
      Goldberg, Yoav",
    editor = "Erk, Katrin  and
      Smith, Noah A.",
    booktitle = "Proceedings of the 54th Annual Meeting of the ACL (Volume 2: Short Papers)",
    month = aug,
    year = "2016",
    address = "Berlin, Germany",
    publisher = "ACL",
    doi = "10.18653/v1/P16-2067",
    pages = "412--418",
}
@inproceedings{sagot-martinez-alonso-2017-improving,
    title = "Improving neural tagging with lexical information",
    author = "Sagot, Beno{\^\i}t  and
      Mart{\'\i}nez Alonso, H{\'e}ctor",
    editor = "Miyao, Yusuke  and
      Sagae, Kenji",
    booktitle = "Proceedings of the 15th International Conference on Parsing Technologies",
    month = sep,
    year = "2017",
    address = "Pisa, Italy",
    publisher = "ACL",
    url = "https://aclanthology.org/W17-6304",
    pages = "25--31",
}
@inproceedings{manjavacas-etal-2019-improving,
    title = "Improving Lemmatization of Non-Standard Languages with Joint Learning",
    author = "Manjavacas, Enrique  and
      K{\'a}d{\'a}r, {\'A}kos  and
      Kestemont, Mike",
    editor = "Burstein, Jill  and
      Doran, Christy  and
      Solorio, Thamar",
    booktitle = "Proceedings of the 2019 Conference of the NACL: Human Language Technologies, Volume 1 (Long and Short Papers)",
    month = jun,
    year = "2019",
    address = "Minneapolis, Minnesota",
    publisher = "ACL",
    doi = "10.18653/v1/N19-1153",
    pages = "1493--1503",
}
@software{clerice_2022_6383163,
  author       = {Clérice, Thibault and
                  Glaise, Anthony},
  title        = {{Du IIème siècle à Thomas More, un corpus gold de 
                   latin lemmatisé et annoté en morpho‑syntaxe}},
  month        = mar,
  year         = 2022,
  publisher    = {Zenodo},
  version      = {1.0.2},
  doi          = {10.5281/zenodo.6383163},
  url          = {https://doi.org/10.5281/zenodo.6383163}
}