

@inproceedings{piper2023modeling,
  title={Modeling Narrative Revelation.},
  author={Piper, Andrew and Xu, Hao and Kolaczyk, Eric D},
booktitle = "Proceedings of the Computational Humanities Research Conference 2023",
publisher = "CEUR-WS.org",
  pages={500--511},
  year={2023},
  url={https://ceur-ws.org/Vol-3558/paper6166.pdf},
}



@inproceedings{operationalizing,
  title={Operationalizing and Measuring Conflict in German Novels},
  author={Ha√ºssler, Juliand and Gius, Evelyn},
booktitle = "Proceedings of the Computational Humanities Research Conference 2023",
publisher = "CEUR-WS.org",
  pages={426--440},
  year={2023},
  url={https://ceur-ws.org/Vol-3558/paper5179.pdf},
}
@inproceedings{GlobalCoherence,
title = "Global Coherence, Local Uncertainty: Towards a Theoretical Framework for Assessing Literary Quality",
author = "Yuri Bizzoni and Pascale Feldkamp and Nielbo, {Kristoffer Laigaard}",
year = "2024",
booktitle = "Proceedings of the Computational Humanities Research Conference 2024",
publisher = "CEUR-WS.org",
url = "https://2024.computational-humanities-research.org",

}
@misc{eder2022boostingwordfrequenciesauthorship,
      title={Boosting word frequencies in authorship attribution}, 
      author={Maciej Eder},
      year={2022},
      eprint={2211.01289},
      archivePrefix={arXiv},
      primaryClass={cs.CL},
      url={https://arxiv.org/abs/2211.01289}, 
}
@inproceedings{buildingaffectiveresources,
author = {Yu, Liang-Chih and Lee, Lung-Hao and Hao, Shuai and Wang, Jin and He, Yunchao and Hu, Jun and Lai, K. and Zhang, Xuejie},
year = {2016},
month = {06},
booktitle={Proceedings of the 2016 Conference of the NAACL},
pages = {540-545},
title = {Building Chinese Affective Resources in Valence-Arousal Dimensions},
doi = {10.18653/v1/N16-1066}
}