@article{haussler2023operationalizing,
  title={Operationalizing and Measuring Conflict in German Novels},
  author={H{\"a}u{\ss}ler, Julian and Gius, Evelyn},
  journal={Proceedings of the Workshop on Computational Humanities Research (CHR 2021)},
  series={CEUR Workshop Proceedings},
  address={Paris, France},
  volume={3558},
  pages={426},
  year={2023},
  url={https://ceur-ws.org/Vol-3558/paper5179.pdf}
}
@article{groves_tovs_1990,
    title        = {Tov's "{Data} {Base} for {Septuagint} {Studies}"},
    author       = {Groves, Alan},
    year         = 1990,
    journal      = {The Jewish Quarterly Review},
    volume       = 81,
    number       = {1/2},
    pages        = {166--168},
    doi          = {10.2307/1455265},
    editor       = {Tov, Emanuel},
    keywords     = {Corpus: Histoire},
}

@book{hughes_bits_1987,
    title        = {Bits, bytes \& biblical studies : a resource guide for the use of computers in biblical and classical studies},
    author       = {Hughes, John Jay},
    year         = 1987,
    publisher    = {Grand Rapids, Mich. : Academie Books},
    url          = {http://archive.org/details/bitsbytesbiblica0000hugh},
    urldate      = {2021-10-12},
    keywords     = {Corpus: Histoire},
}
@inproceedings{kominski1999access,
    title        = {Access denied: Changes in computer ownership and use: 1984-1997},
    author       = {Kominski, Robert and Newburger, Eric},
    year         = 1999,
    booktitle    = {Annual Meeting of the American Sociological Association, Chicago, Illinois},
    keywords     = {Histoire de l'informatique},
}
@article{brunner_overcoming_1988,
    title        = {{Overcoming} "{Verzettelung}": {A} {Humanistic} {Discipline} {Meets} the {Computer}},
    author       = {Brunner, Theodore F.},
    year         = 1988,
    journal      = {The Classical Outlook},
    volume       = 66,
    number       = 1,
    pages        = {10--13},
    keywords     = {Corpus: Histoire},
}

@incollection{brunner_classics_1993,
    title        = {Classics and the {Computer}. {The} {History} of a {Relationship}},
    author       = {Brunner, Theodore F.},
    year         = 1993,
    booktitle    = {Accessing {Antiquity}: the {Computerization} of {Classical} {Studies}},
    publisher    = {University of Arizona Press},
    editor       = {Solomon, John},
    keywords     = {Corpus: Histoire},
}
@article{helgerson_cd-rom_1988,
    title        = {{CD}-{ROM} and scholarly research in the humanities},
    author       = {Helgerson, Linda W.},
    year         = 1988,
    month        = jun,
    journal      = {Computers and the Humanities},
    volume       = 22,
    number       = 2,
    pages        = {111--116},
    doi          = {10.1007/bf00057650},
    url          = {https://doi.org/10.1007/BF00057650},
    urldate      = {2021-10-18},
    keywords     = {Corpus: Histoire},
}
@article{raben_humanities_1991,
    title        = {Humanities computing 25 years later},
    author       = {Raben, Joseph},
    year         = 1991,
    month        = dec,
    journal      = {Computers and the Humanities},
    volume       = 25,
    number       = 6,
    pages        = {341--350},
    doi          = {10.1007/bf00141184},
    keywords     = {Humanités numériques: Généralités},
}

@incollection{mylonas_perseus_1993,
    title        = {The {Perseus} {Project}. {Data} in the {Electronic} {Age}},
    author       = {Mylonas, Elli and {Gregory R. Crane} and {Kenneth Morrell} and Smith, D. Neel},
    year         = 1993,
    booktitle    = {Accessing {Antiquity}: the {Computerization} of {Classical} {Studies}},
    publisher    = {University of Arizona Press},
    editor       = {Solomon, John},
    keywords     = {Corpus: Histoire},
}

@article{gueret_analyse_1977,
    title        = {Analyse informatique et compréhension textuelle. {Le} {CETEDOC} : {Le} laboratoire de recherches textuelles par ordinateur à l’{Université} {Catholique} de {Louvain}.},
    author       = {Gueret, Michel},
    year         = 1977,
    journal      = {Revue LASLA},
    volume       = 3,
    number       = 1977,
    pages        = {45--72},
    url          = {http://web.philo.ulg.ac.be/rissh/wp-content/uploads/sites/10/pdf/Annee1977/03/MGueret.pdf},
    keywords     = {Corpus: Histoire},
}

@article{smith_dynatext_1993,
    title        = {{DynaText}: {An} {Electronic} {Publishing} {System}},
    author       = {Smith, MacKenzie},
    year         = 1993,
    journal      = {Computers and the Humanities},
    volume       = 27,
    number       = {5/6},
    pages        = {415--420},
    keywords     = {Corpus: Histoire},
}

@article{tombeur_informatique_1997,
    title        = {Informatique et étude de textes médiévaux: méthodes, outils de recherche et projets},
    author       = {Tombeur, Paul},
    year         = 1997,
    month        = jan,
    journal      = {Bulletin de Philosophie Médiévale},
    volume       = 39,
    pages        = {31--44},
    doi          = {10.1484/j.bpm.3.533},
    url          = {https://www.brepolsonline.net/doi/abs/10.1484/J.BPM.3.533},
    urldate      = {2021-11-09},
    keywords     = {Corpus: Histoire},
}
@article{tombeur_pld_1993,
    title        = {La « {Patrologia} {Latina} {Database} ({PLD}) » ou la reproduction informatisée d’un \textit{corpus} textuel établi selon une heuristique et une méthodologie éditoriale dépassées},
    author       = {Tombeur, Paul},
    year         = 1993,
    month        = jan,
    journal      = {Bulletin de Philosophie Médiévale},
    volume       = 35,
    pages        = {223--228},
    doi          = {10.1484/j.bpm.3.478},
    url          = {https://www.brepolsonline.net/doi/10.1484/J.BPM.3.478},
    urldate      = {2021-08-21},
    keywords     = {Corpus: Histoire},
}

@article{tombeur_reponse_1993,
    title        = {Réponse au droit de réponse demandé par {Sir} {Charles} {Chadwyck}-{Healey}},
    author       = {Tombeur, Paul},
    year         = 1993,
    month        = jan,
    journal      = {Bulletin de Philosophie Médiévale},
    volume       = 35,
    pages        = 220,
    doi          = {10.1484/j.bpm.3.477},
    url          = {https://www.brepolsonline.net/doi/abs/10.1484/J.BPM.3.477},
    urldate      = {2021-10-22},
    keywords     = {Corpus: Histoire},
}

@article{chadwick-healey_droit_1993,
    title        = {Droit de réponse},
    author       = {Chadwyck-Healey, Charles},
    year         = 1993,
    month        = jan,
    journal      = {Bulletin de Philosophie Médiévale},
    volume       = 35,
    pages        = 220,
    doi          = {10.1484/j.bpm.3.477},
    url          = {https://www.brepolsonline.net/doi/abs/10.1484/J.BPM.3.477},
    urldate      = {2021-10-22},
    keywords     = {Corpus: Histoire},
}

@incollection{schreibman_classics_2004,
    title        = {Classics and the {Computer}: {An} {End} of the {History}},
    author       = {Crane, Gregory R.},
    year         = 2004,
    month        = dec,
    booktitle    = {Companion to {Digital} {Humanities} ({Blackwell} {Companions} to {Literature} and {Culture})},
    publisher    = {Blackwell Publishing Professional},
    address      = {Oxford},
    series       = {Blackwell {Companions} to {Literature} and {Culture}},
    url          = {http://digitalhumanities.org:3030/companion/view?docId=blackwell/9781405103213/9781405103213.xml&chunk.id=ss1-2-4&toc.id=0&brand=9781405103213_brand},
    edition      = {Hardcover},
    editor       = {Schreibman, Susan and Siemens, Ray and Unsworth, John},
    keywords     = {Corpus: Histoire},
}
@inproceedings{crane_building_1996,
    title        = {Building a digital library: the {Perseus} project as a case study in the humanities},
    author       = {Crane, Gregory},
    year         = 1996,
    month        = apr,
    booktitle    = {Proceedings of the first {ACM} international conference on {Digital} libraries},
    publisher    = {Association for Computing Machinery},
    address      = {New York, NY},
    series       = {{Dl} '96},
    pages        = {3--10},
    doi          = {10.1145/226931.226932},
    url          = {https://doi.org/10.1145/226931.226932},
    urldate      = {2021-08-19},
    keywords     = {Corpus: Histoire},
}

@article{gelderblom_musisque_2008,
    title        = {Musisque {Deoque}: {Un} {Archivio} {Digitale} di {Poesia} {Latina}/{A} {Digital} {Archive} of {Latin} {Poetry}},
    author       = {Gelderblom, Werner},
    year         = 2008,
    journal      = {Variants: the Journal of the European Society for Textual Scholarship},
    number       = 7,
    pages        = 223,
    keywords     = {Corpus: Histoire},
}

@article{garcea_corpus_2010,
    title        = {Corpus grammaticorum latinorum : un projet de traitement informatique autour des grammairiens latins},
    author       = {Garcea, Alessandro},
    year         = 2010,
    journal      = {Corpus grammaticorum latinorum},
    pages        = {1000--1024},
    doi          = {10.1400/151280},
    url          = {https://www.torrossa.com/en/resources/an/2441908},
    urldate      = {2021-08-20},
    keywords     = {Corpus: Histoire},
}

@article{bureau2008hyperdonat,
    title        = {Hyperdonat, commentaire attribu{\'e} {\`a} Aelius Donat aux com{\'e}dies de T{\'e}rence},
    author       = {Bureau, Bruno and Nicolas, Christian and Ingarao, Maud},
    year         = 2008,
    keywords     = {Corpus: Corpora},
}

@incollection{huskey_digital_2019,
    title        = {The {Digital} {Latin} {Library}: {Cataloging} and {Publishing} {Critical} {Editions} of {Latin} {Texts}},
    author       = {Huskey, Samuel J.},
    year         = 2019,
    month        = aug,
    booktitle    = {The {Digital} {Latin} {Library}: {Cataloging} and {Publishing} {Critical} {Editions} of {Latin} {Texts}},
    publisher    = {De Gruyter Saur},
    pages        = {19--34},
    doi          = {10.1515/9783110599572-003},
    keywords     = {Corpus: Méthodes},
}

@article{lana_metodologie_2012,
    title        = {Metodologie e problematiche per una biblioteca digitale. {Il} caso di {digilibLT}},
    author       = {Lana, Maurizio},
    year         = 2012,
    month        = nov,
    journal      = {DigItalia},
    volume       = 1,
    number       = {0},
    pages        = {40--64},
    url          = {http://digitalia.sbn.it/article/view/516},
    urldate      = {2021-12-14},
    keywords     = {Corpus: Histoire},
}

@inproceedings{Bamman:2011:MHW:1998076.1998078,
    title        = {Measuring historical word sense variation},
    author       = {Bamman, David and Crane, Gregory},
    year         = 2011,
    booktitle    = {Proceeding of the 11th annual international ACM/IEEE joint conference on Digital libraries},
    location     = {Ottawa, Ontario},
    publisher    = {Acm},
    address      = {New York, NY},
    series       = {Jcdl '11},
    pages        = {1--10},
    doi          = {http://doi.acm.org/10.1145/1998076.1998078},
    url          = {http://doi.acm.org/10.1145/1998076.1998078},
    keywords     = {Humanités numériques: Linguistique et sémantique},
}
@inproceedings{bon2019challenges,
    title        = {Challenges of Mass OCR-isation of Medieval Latin Texts in a Resource-Limited Project},
    author       = {Bon, Bruno and Nowak, Krzysztof and ra Vangone, Lau},
    year         = 2019,
    booktitle    = {Proceedings of the 3rd International Conference on Digital Access to Textual Cultural Heritage},
    pages        = {81--85},
    keywords     = {Corpus: OCR et HTR},
}

@incollection{muellner2019free,
    title        = {The Free First Thousand Years of Greek},
    author       = {Muellner, Leonard},
    year         = 2019,
    booktitle    = {Digital Classical Philology},
    publisher    = {De Gruyter Saur},
    pages        = {7--18},
    keywords     = {Corpus: Histoire},
}
@incollection{robertson2019optical,
    title        = {Optical Character Recognition for Classical Philology},
    author       = {Robertson, Bruce},
    year         = 2019,
    booktitle    = {Digital Classical Philology},
    publisher    = {De Gruyter Saur},
    pages        = {117--136},
    keywords     = {Corpus: OCR et HTR},
}
@article{roelli2014corpus,
    title        = {The Corpus Corporum, a new open Latin text repository and tool},
    author       = {Roelli, Philipp},
    year         = 2014,
    journal      = {Archivum Latinitatis Medii Aevi-Bulletin du Cange (ALMA)},
    publisher    = {Union acad{\'e}mique internationale},
    keywords     = {Corpus: OCR et HTR},
}
@article{camps_ou_2018,
    title        = {Où va la philologie numérique ?},
    author       = {Camps, Jean-Baptiste},
    year         = 2018,
    month        = jan,
    journal      = {LHT Fabula},
    url          = {https://www.fabula.org:443/lht/20/camps.html},
    urldate      = {2021-12-18},
    keywords     = {Humanités numériques: Généralités},
}
@article{poole_now_2013,
    title        = {Now is the {Future} {Now}? {The} {Urgency} of {Digital} {Curation} in the {Digital} {Humanities}},
    author       = {Poole, Alex H.},
    year         = 2013,
    month        = oct,
    journal      = {Digital Humanities Quarterly},
    volume       = {007},
    number       = 2,
    keywords     = {Reproductibilité et ingénierie},
}

@article{mcgillivray_tools_2013,
    title        = {Tools for historical corpus research, and a corpus of {Latin}},
    author       = {McGillivray, Barbara and Kilgarriff, Adam},
    year         = 2013,
    journal      = {New Methods in Historical Corpus Linguistics},
    volume       = 1,
    number       = 3,
    pages        = {247--257},
    keywords     = {Corpus: Histoire},
}


@inproceedings{nyhan2017uncovering,
    title        = {Uncovering ‘hidden’contributions to the history of Digital Humanities: the Index Thomisticus’ female keypunch operators},
    author       = {Nyhan, Julianne and Terras, Melissa},
    year         = 2017,
    booktitle    = {Digital Humanities 2017},
    pages        = {313--315},
    keywords     = {Humanités numériques: Généralités},
}

@article{delatte_laboratoire_1961,
    title        = {Un laboratoire d'analyse statistique des langues anciennes à l'{Université} de {Liège}},
    author       = {Delatte, Louis and {\'E}vrard, {\'E}tienne},
    year         = 1961,
    journal      = {L'Antiquité Classique},
    volume       = 30,
    pages        = {429--444},
    doi          = {10.3406/antiq.1961.3417},
    keywords     = {Lemmatisation et annotation morpho-syntaxique: Latin},
}

@unpublished{perreaux_lemmatisation_2019,
    title        = {La lemmatisation des corpus médiévaux: pourquoi et comment ?},
    author       = {Perreaux, Nicolas},
    year         = 2019,
    location     = {Paris},
    type         = {Journée d'étude},
    howpublished = {Journée d'étude},
    date         = {2019-06-17},
    keywords     = {Lemmatisation et annotation morpho-syntaxique: Latin},
}
@article{kestemont2016authenticating,
  title={Authenticating the writings of Julius Caesar},
  author={Kestemont, Mike and Stover, Justin and Koppel, Moshe and Karsdorp, Folgert and Daelemans, Walter},
  journal={Expert Systems with Applications},
  volume={63},
  pages={86--96},
  year={2016},
  publisher={Elsevier}
}
@article{assael2022restoring,
  title={Restoring and attributing ancient texts using deep neural networks},
  author={Assael, Yannis and Sommerschield, Thea and Shillingford, Brendan and Bordbar, Mahyar and Pavlopoulos, John and Chatzipanagiotou, Marita and Androutsopoulos, Ion and Prag, Jonathan and de Freitas, Nando},
  journal={Nature},
  volume={603},
  number={7900},
  pages={280--283},
  year={2022},
  publisher={Nature Publishing Group UK London}
}
@article{nagy2024not,
  title={(Not) Understanding Latin Poetic Style with Deep Learning},
  author={Nagy, Ben},
  journal={arXiv preprint arXiv:2404.06150},
  year={2024}
}
@inproceedings{clerice-2024-detecting,
    title = "Detecting Sexual Content at the Sentence Level in First Millennium {L}atin Texts",
    author = "Clerice, Thibault",
    editor = "Calzolari, Nicoletta  and
      Kan, Min-Yen  and
      Hoste, Veronique  and
      Lenci, Alessandro  and
      Sakti, Sakriani  and
      Xue, Nianwen",
    booktitle = "Proceedings of the 2024 Joint International Conference on Computational Linguistics, Language Resources and Evaluation (LREC-COLING 2024)",
    month = may,
    year = "2024",
    address = "Torino, Italia",
    publisher = "ELRA and ICCL",
    pages = "4772--4783",
}
@inproceedings{manjavacas-etal-2019-feasibility,
    title = "On the Feasibility of Automated Detection of Allusive Text Reuse",
    author = "Manjavacas, Enrique  and
      Long, Brian  and
      Kestemont, Mike",
    editor = "Alex, Beatrice  and
      Degaetano-Ortlieb, Stefania  and
      Kazantseva, Anna  and
      Reiter, Nils  and
      Szpakowicz, Stan",
    booktitle = "Proceedings of the 3rd Joint {SIGHUM} Workshop on Computational Linguistics for Cultural Heritage, Social Sciences, Humanities and Literature",
    month = jun,
    year = "2019",
    address = "Minneapolis, USA",
    publisher = "Association for Computational Linguistics",
    doi = "10.18653/v1/W19-2514",
    pages = "104--114"
}
