@incollection{brunet:hal-01362715,
  TITLE = {{Il y a cinquante ans}},
  AUTHOR = {Brunet, Etienne},
  URL = {https://hal.univ-cotedazur.fr/hal-01362715},
  BOOKTITLE = {{Vocabulaire de statistique pour l'analyse des textes et des discours}},
  HAL_LOCAL_REFERENCE = {BCL\_MAJ\_id=3967.},
  EDITOR = {Kastberg-Sj{\"o}blom, Margareta and Leblanc, Jean-Marc and Viprey, Jean-Marie},
  PUBLISHER = {{Presses de l'universit{\'e} de Franche-Comt{\'e}}},
  YEAR = {2024},
  PDF = {https://hal.univ-cotedazur.fr/hal-01362715v1/file/cinquanteans.pdf},
  HAL_ID = {hal-01362715},
  HAL_VERSION = {v1},
}
@article{michel2011quantitative,
  title={Quantitative analysis of culture using millions of digitized books},
  author={Michel, Jean-Baptiste and Shen, Yuan Kui and Aiden, Aviva Presser and Veres, Adrian and Gray, Matthew K and Google Books Team and Pickett, Joseph P and Hoiberg, Dale and Clancy, Dan and Norvig, Peter and others},
  journal={science},
  volume={331},
  number={6014},
  pages={176--182},
  year={2011},
  publisher={American Association for the Advancement of Science}
}
@inproceedings{camps2023make,
  title={Make love or war? monitoring the thematic evolution of medieval french narratives},
  author={Camps, Jean-Baptiste and Baumard, Nicolas and Langlais, Pierre-Carl and Morin, Olivier and Cl{\'e}rice, Thibault and Norindr, Jade},
  booktitle={Computational Humanities Research (CHR 2023)},
  year={2023},
url ={https://enc.hal.science/hal-04250657/}
}
@inproceedings{perreaux:halshs-01148891,
  TITLE = {{Mesurer un syst{\`e}me de repr{\'e}sentation ? Approche statistique du champ lexical de l'eau dans la Patrologie Latine}},
  AUTHOR = {Perreaux, Nicolas},
  URL = {https://shs.hal.science/halshs-01148891},
  BOOKTITLE = {{Mesure et histoire m{\'e}di{\'e}vale}},
  ADDRESS = {Tours, France},
  PUBLISHER = {{Publications de la Sorbonne}},
  PAGES = {365-374},
  YEAR = {2012},
  MONTH = May,
  KEYWORDS = {Histoire ; Moyen {\^A}ge},
  PDF = {https://shs.hal.science/halshs-01148891v1/file/Mesurer_un_systeme_de_representation_App.pdf},
  HAL_ID = {halshs-01148891},
  HAL_VERSION = {v1},
}
@article{denove2024industrial,
  title={An Industrial West? A Mixed-Methods Analysis of Newspapers Discourses about Technology over One Hundred and Ten Years (1830-1940)},
  author={Denove, Emmanuelle and Michelet, Elisa and Savcisens, Germans and Fern{\'a}ndez, Elena Fern{\'a}ndez},
  journal={Journal of Data Mining \& Digital Humanities},
  volume={2024},
  year={2024},
  publisher={Episciences. org}
}
